@article{Zeller:1999:YMP:318774.318946,
 author = {Zeller, Andreas},
 title = {Yesterday, My Program Worked. Today, It Does Not. Why?},
 journal = {SIGSOFT Softw. Eng. Notes},
 issue_date = {Nov. 1999},
 volume = {24},
 number = {6},
 month = oct,
 year = {1999},
 issn = {0163-5948},
 pages = {253--267},
 numpages = {15},
 url = {http://doi.acm.org/10.1145/318774.318946},
 doi = {10.1145/318774.318946},
 acmid = {318946},
 publisher = {ACM},
 address = {New York, NY, USA},
} 

@article{Zeller:2002:SIF:506201.506206,
 author = {Zeller, Andreas and Hildebrandt, Ralf},
 title = {Simplifying and Isolating Failure-Inducing Input},
 journal = {IEEE Trans. Softw. Eng.},
 issue_date = {February 2002},
 volume = {28},
 number = {2},
 month = feb,
 year = {2002},
 issn = {0098-5589},
 pages = {183--200},
 numpages = {18},
 url = {http://dx.doi.org/10.1109/32.988498},
 doi = {10.1109/32.988498},
 acmid = {506206},
 publisher = {IEEE Press},
 address = {Piscataway, NJ, USA},
 keywords = {Automated debugging, debugging aids, testing tools, combinatorial testing, diagnostics, tracing.},
} 




@inproceedings{Zeller:2002:ICC:587051.587053,
 author = {Zeller, Andreas},
 title = {Isolating Cause-effect Chains from Computer Programs},
 booktitle = {Proceedings of the 10th ACM SIGSOFT Symposium on Foundations of Software Engineering},
 series = {SIGSOFT '02/FSE-10},
 year = {2002},
 isbn = {1-58113-514-9},
 location = {Charleston, South Carolina, USA},
 pages = {1--10},
 numpages = {10},
 url = {http://doi.acm.org/10.1145/587051.587053},
 doi = {10.1145/587051.587053},
 acmid = {587053},
 publisher = {ACM},
 address = {New York, NY, USA},
 keywords = {automated debugging, program comprehension, testing, tracing},
} 

@inproceedings{Leitner:2007:EUT:1321631.1321698,
 author = {Leitner, Andreas and Oriol, Manuel and Zeller, Andreas and Ciupa, Ilinca and Meyer, Bertrand},
 title = {Efficient Unit Test Case Minimization},
 booktitle = {Proceedings of the Twenty-second IEEE/ACM International Conference on Automated Software Engineering},
 series = {ASE '07},
 year = {2007},
 isbn = {978-1-59593-882-4},
 location = {Atlanta, Georgia, USA},
 pages = {417--420},
 numpages = {4},
 url = {http://doi.acm.org/10.1145/1321631.1321698},
 doi = {10.1145/1321631.1321698},
 acmid = {1321698},
 publisher = {ACM},
 address = {New York, NY, USA},
 keywords = {minimization, slicing, unit testing},
} 

@inproceedings{Lei:2005:MRU:1104997.1105255,
 author = {Lei, Yong and Andrews, James H.},
 title = {Minimization of Randomized Unit Test Cases},
 booktitle = {Proceedings of the 16th IEEE International Symposium on Software Reliability Engineering},
 series = {ISSRE '05},
 year = {2005},
 isbn = {0-7695-2482-6},
 pages = {267--276},
 numpages = {10},
 url = {https://doi.org/10.1109/ISSRE.2005.28},
 doi = {10.1109/ISSRE.2005.28},
 acmid = {1105255},
 publisher = {IEEE Computer Society},
 address = {Washington, DC, USA},
} 